% This file was created with JabRef 2.4.2.
% Encoding: UTF8

@ARTICLE{publ1,
  author = {G. Eason and B. Noble and I.N. Sneddon},
  title = {On certain integrals of Lipschitz-Hankel type involving products
	of Bessel functions},
  journal = {Phil. Trans. Roy. Soc. London},
  year = {1955},
  volume = {A247},
  pages = {529-551},
  month = {April},
  owner = {wanderlust},
  timestamp = {2009.06.01}
}

@UNPUBLISHED{publ4,
  author = {K. Elissa},
  title = {Title of paper if known},
  note = {unpublished},
  owner = {wanderlust},
  timestamp = {2009.06.01}
}

@INBOOK{publ3,
  chapter = {Fine particles, thin films and exchange anisotropy},
  pages = {271-350},
  title = {Magnetism},
  publisher = {New York: Academic},
  year = {1963},
  editor = {G.T. Rado and H. Suhl},
  author = {I.S. Jacobs and C.P. Bean},
  volume = {III},
  journal = {Magnetism},
  owner = {wanderlust},
  timestamp = {2009.06.01}
}

@INBOOK{publ2,
  pages = {68-73},
  title = {A Treatise on Electricity and Magnetism},
  publisher = {Oxford:  Clarendon},
  year = {1892},
  author = {J. Clerk Maxwell},
  owner = {wanderlust},
  timestamp = {2009.06.01}
}

@ARTICLE{publ5,
  author = {R. Nicole},
  title = {Title of paper with only first word capitalized},
  journal = {J. Name Stand. Abbrev},
  note = {in press},
  owner = {wanderlust},
  timestamp = {2009.06.01}
}

@ARTICLE{publ6,
  author = {Y. Yorozu and M. Hirano and K. Oka and Y. Tagawa},
  title = {Electron spectroscopy studies on magneto-optical media and plastic
	substrate interface},
  journal = {IEEE Transl. J. Magn. Japan},
  year = {1987},
  volume = {2},
  pages = {740-741},
  month = {August},
  note = {[Digests 9th Annual Conf. Magnetics Japan, p. 301, 1982]},
  owner = {wanderlust},
  timestamp = {2009.06.01}
}

@BOOK{publ7,
  title = {The Technical Writerâ€™s Handbook},
  publisher = {Mill Valley},
  year = {1989},
  editor = {CA: University Science},
  author = {M. Young},
  owner = {wanderlust},
  timestamp = {2009.06.01}
}
@Book{publ8,
  title = {Annual Report of Research Institute of Intelligent Computer Systems},
  year = {2009},
  pages = {71},
  note  = {\textit{(in Ukrainian)}}
}
@comment{jabref-meta: selector_publisher:}

@comment{jabref-meta: selector_author:}

@comment{jabref-meta: selector_journal:}

@comment{jabref-meta: selector_keywords:}

